<record><leader>00000cas a2200000 i 4500</leader><controlfield tag="001">14768651</controlfield><controlfield tag="008">861119d19011910inuwr ne      0    0eng c</controlfield><datafield ind1=" " ind2=" " tag="010"><subfield code="a">sn 86058967 </subfield></datafield><datafield ind1=" " ind2=" " tag="040"><subfield code="a">NPI</subfield><subfield code="b">eng</subfield><subfield code="e">rda</subfield><subfield code="c">NPI</subfield><subfield code="d">OCLCQ</subfield><subfield code="d">IUL</subfield><subfield code="d">OCLCF</subfield></datafield><datafield ind1=" " ind2=" " tag="042"><subfield code="a">pcc</subfield></datafield><datafield ind1=" " ind2=" " tag="043"><subfield code="a">n-us-in</subfield></datafield><datafield ind1="0" ind2=" " tag="130"><subfield code="a">Weekly Clintonian (Clinton, Ind. : 1901)</subfield></datafield><datafield ind1="1" ind2="4" tag="245"><subfield code="a">The weekly Clintonian.</subfield></datafield><datafield ind1=" " ind2="1" tag="264"><subfield code="a">Clinton, Indiana :</subfield><subfield code="b">Fred C. Trillingham,</subfield><subfield code="c">1901-1910.</subfield></datafield><datafield ind1=" " ind2=" " tag="300"><subfield code="a">11 volumes</subfield></datafield><datafield ind1=" " ind2=" " tag="310"><subfield code="a">Weekly</subfield></datafield><datafield ind1=" " ind2=" " tag="336"><subfield code="a">text</subfield><subfield code="b">txt</subfield><subfield code="2">rdacontent</subfield></datafield><datafield ind1=" " ind2=" " tag="337"><subfield code="a">unmediated</subfield><subfield code="b">n</subfield><subfield code="2">rdamedia</subfield></datafield><datafield ind1=" " ind2=" " tag="338"><subfield code="a">volume</subfield><subfield code="b">nc</subfield><subfield code="2">rdacarrier</subfield></datafield><datafield ind1="0" ind2=" " tag="362"><subfield code="a">Volume 11, no. [27] (January 4, 1901)-vol. 22, no. [15] (September 23, 1910).</subfield></datafield><datafield ind1=" " ind2=" " tag="500"><subfield code="a">Jan. 4, 1901 and Sept. 23, 1910 issues damaged.</subfield></datafield><datafield ind1=" " ind2=" " tag="500"><subfield code="a">Title from masthead.</subfield></datafield><datafield ind1=" " ind2="0" tag="651"><subfield code="a">Clinton (Ind.)</subfield><subfield code="v">Newspapers.</subfield></datafield><datafield ind1=" " ind2="0" tag="651"><subfield code="a">Vermillion County (Ind.)</subfield><subfield code="v">Newspapers.</subfield></datafield><datafield ind1=" " ind2="7" tag="651"><subfield code="a">Indiana</subfield><subfield code="z">Clinton.</subfield><subfield code="2">fast</subfield><subfield code="0">(OCoLC)fst01224216</subfield></datafield><datafield ind1=" " ind2="7" tag="651"><subfield code="a">Indiana</subfield><subfield code="z">Vermillion County.</subfield><subfield code="2">fast</subfield><subfield code="0">(OCoLC)fst01218129</subfield></datafield><datafield ind1=" " ind2="7" tag="655"><subfield code="a">Newspapers.</subfield><subfield code="2">fast</subfield><subfield code="0">(OCoLC)fst01423814</subfield></datafield><datafield ind1=" " ind2=" " tag="752"><subfield code="a">United States</subfield><subfield code="b">Indiana</subfield><subfield code="c">Vermillion</subfield><subfield code="d">Clinton.</subfield></datafield><datafield ind1="0" ind2="0" tag="780"><subfield code="t">Republican</subfield></datafield><datafield ind1="0" ind2="5" tag="780"><subfield code="t">Clinton plaindealer</subfield><subfield code="g">1908</subfield><subfield code="w">(DLC)sn 86058971</subfield><subfield code="w">(OCoLC)14768600</subfield></datafield><datafield ind1="0" ind2="0" tag="785"><subfield code="t">Clintonian (Clinton, Ind.)</subfield><subfield code="w">(DLC)sn 86058968</subfield><subfield code="w">(OCoLC)14768673</subfield></datafield><datafield ind1="4" ind2="1" tag="856"><subfield code="u">https://access.newspaperarchive.com/us/indiana/clinton/clinton-weekly-clintonian/</subfield></datafield></record>